
@article{ref-SeitoH-2019,
  title={On using the shifted minimal residual method for quantum-mechanical wave packet simulation},
  author={Seito Hiroaki and Takeo Hoshi and Yusaku Yamamoto},
  journal={JSIAM Letters},
  volume={11},
  number={ },
  pages={13-16},
  year={2019},
  doi={10.14495/jsiaml.11.13}
}